<record><leader>00000cas a2200000 a 4500</leader><controlfield tag="001">22465497</controlfield><controlfield tag="008">901003d18891970iluwr ne      0    0eng c</controlfield><datafield ind1=" " ind2=" " tag="010"><subfield code="a">sn 90054614 </subfield></datafield><datafield ind1=" " ind2=" " tag="040"><subfield code="a">NVF</subfield><subfield code="b">eng</subfield><subfield code="c">NVF</subfield><subfield code="d">MGN</subfield><subfield code="d">CVF</subfield><subfield code="d">NVF</subfield><subfield code="d">OCLCF</subfield><subfield code="d">OCLCO</subfield></datafield><datafield ind1="1" ind2=" " tag="029"><subfield code="a">AU@</subfield><subfield code="b">000020597395</subfield></datafield><datafield ind1=" " ind2=" " tag="042"><subfield code="a">pcc</subfield></datafield><datafield ind1=" " ind2=" " tag="043"><subfield code="a">n-us-il</subfield></datafield><datafield ind1="0" ind2="4" tag="245"><subfield code="a">The Metamora herald.</subfield></datafield><datafield ind1=" " ind2=" " tag="260"><subfield code="a">Metamora, Ill. :</subfield><subfield code="b">A.L. Hereford,</subfield><subfield code="c">1889-1970.</subfield></datafield><datafield ind1=" " ind2=" " tag="300"><subfield code="a">v.</subfield></datafield><datafield ind1=" " ind2=" " tag="310"><subfield code="a">Weekly</subfield></datafield><datafield ind1="0" ind2=" " tag="362"><subfield code="a">Vol. 1, no. 1 (Dec. 20, 1889)-v. 17, no. 32 (June 22, 1906) ; v. 53, no. 42 (June 29, 1906)-v. 117, no. 52 (Apr. 2, 1970).</subfield></datafield><datafield ind1=" " ind2=" " tag="515"><subfield code="a">Issues for &lt;Mar. 3&gt;-July 21, 1898 called also &lt;whole no. 2290&gt;-whole no. 2308.</subfield></datafield><datafield ind1=" " ind2="0" tag="651"><subfield code="a">Metamora (Ill.)</subfield><subfield code="v">Newspapers.</subfield></datafield><datafield ind1=" " ind2="7" tag="655"><subfield code="a">Newspapers.</subfield><subfield code="2">fast</subfield><subfield code="0">(OCoLC)fst01423814</subfield></datafield><datafield ind1=" " ind2="7" tag="651"><subfield code="a">Illinois</subfield><subfield code="z">Metamora.</subfield><subfield code="2">fast</subfield><subfield code="0">(OCoLC)fst01217936</subfield></datafield><datafield ind1=" " ind2=" " tag="752"><subfield code="a">United States</subfield><subfield code="b">Illinois</subfield><subfield code="c">Woodford</subfield><subfield code="d">Metamora.</subfield></datafield><datafield ind1="0" ind2="5" tag="780"><subfield code="t">Woodford sentinel</subfield><subfield code="w">(DLC)sn 84038545</subfield><subfield code="w">(OCoLC)11340450</subfield></datafield><datafield ind1="0" ind2="0" tag="785"><subfield code="t">Herald (Metamora, Ill.)</subfield><subfield code="w">(DLC)sn 90054619</subfield><subfield code="w">(OCoLC)22465541</subfield></datafield></record>